@article{lee2000curve,
  title={Curve reconstruction from unorganized points},
  author={Lee, In-Kwon},
  journal={Computer aided geometric design},
  volume={17},
  number={2},
  pages={161--177},
  year={2000},
  publisher={Elsevier}
}

@inproceedings{kazhdan2006poisson,
	title={Poisson surface reconstruction},
	author={Kazhdan, Michael and Bolitho, Matthew and Hoppe, Hugues},
	booktitle={Proceedings of the fourth Eurographics symposium on Geometry processing},
	volume={7},
	year={2006}
}

@article{nieuwenhuizen2013measuring,
	title={Measuring image resolution in optical nanoscopy},
	author={Nieuwenhuizen, Robert PJ and Lidke, Keith A and Bates, Mark and Puig, Daniela Leyton and Gr{\"u}nwald, David and Stallinga, Sjoerd and Rieger, Bernd},
	journal={Nature methods},
	volume={10},
	number={6},
	pages={557},
	year={2013},
	publisher={Nature Publishing Group}
}

@article{salas2017angular,
	title={Angular reconstitution-based 3D reconstructions of nanomolecular structures from superresolution light-microscopy images},
	author={Salas, Desir{\'e}e and Le Gall, Antoine and Fiche, Jean-Bernard and Valeri, Alessandro and Ke, Yonggang and Bron, Patrick and Bellot, Gaetan and Nollmann, Marcelo},
	journal={Proceedings of the National Academy of Sciences},
	volume={114},
	number={35},
	pages={9273--9278},
	year={2017},
	publisher={National Acad Sciences}
}

@INPROCEEDINGS{8759279, 
	author={T. {Pham} and E. {Soubies} and D. {Sage} and M. {Unser}}, 
	booktitle={2019 IEEE 16th International Symposium on Biomedical Imaging (ISBI 2019)}, 
	title={Closed-Form Expression Of The Fourier Ring-Correlation For Single-Molecule Localization Microscopy}, 
	year={2019}, 
	volume={}, 
	number={}, 
	pages={321-324},   
	ISSN={1945-8452}, 
	month={April},
}